@article{topologyzoo,
  title={The internet topology zoo},
  author={Knight, Simon and Nguyen, Hung X and Falkner, Nickolas and Bowden, Rhys and Roughan, Matthew},
  journal={IEEE Journal on Selected Areas in Communications},
  volume={29},
  number={9},
  pages={1765--1775},
  year={2011},
  publisher={IEEE}
}

@inproceedings{flowbender,
  title={Flowbender: Flow-level adaptive routing for improved latency and throughput in datacenter networks},
  author={Kabbani, Abdul and Vamanan, Balajee and Hasan, Jahangir and Duchene, Fabien},
  booktitle={Proceedings of the 10th ACM International on Conference on emerging Networking Experiments and Technologies},
  pages={149--160},
  year={2014},
  organization={ACM}
}

@inproceedings{semper,
  title={SEMPER: a stateless traffic engineering solution for WAN based on MP-TCP},
  author={Garcia-Aviles, Gines and Gramaglia, Marco and Serrano, Pablo and Portoles, Marc and Banchs, Albert and Maino, Fabio},
  booktitle={2018 IEEE International Conference on Communications (ICC)},
  pages={1--6},
  year={2018},
  organization={IEEE}
}

@inproceedings{ecmphashperf,
  title={Performance of hashing-based schemes for internet load balancing},
  author={Cao, Zhiruo and Wang, Zheng and Zegura, Ellen},
  booktitle={Proceedings IEEE INFOCOM 2000. Conference on Computer Communications. Nineteenth Annual Joint Conference of the IEEE Computer and Communications Societies (Cat. No. 00CH37064)},
  volume={1},
  pages={332--341},
  year={2000},
  organization={IEEE}
}

@InProceedings{Tantsura_SID:2017,
 author =      {J. Tantsura},
 title =      {{The critical role of Maximum SID Depth (MSD) hardware limitations in Segment Routing ecosystem and how to work around those}},
 booktitle = {NANOG71},
 year =      2017,
}

@inproceedings{aubry2015traffic,
  title={Traffic duplication through segmentable disjoint paths},
  author={Aubry, Fran{\c{c}}ois and Lebrun, David and Deville, Yves and Bonaventure, Olivier},
  booktitle={2015 IFIP Networking Conference (IFIP Networking)},
  pages={1--9},
  year={2015},
  organization={IEEE}
}

@article{edmondskarp,
  title={Theoretical improvements in algorithmic efficiency for network flow problems},
  author={Edmonds, Jack and Karp, Richard M},
  journal={Journal of the ACM (JACM)},
  volume={19},
  number={2},
  pages={248--264},
  year={1972},
  publisher={ACM}
}

@inproceedings{srn,
  title={Software resolved networks: Rethinking enterprise networks with ipv6 segment routing},
  author={Lebrun, David and Jadin, Mathieu and Clad, Fran{\c{c}}ois and Filsfils, Clarence and Bonaventure, Olivier},
  booktitle={Proceedings of the Symposium on SDN Research},
  pages={6},
  year={2018},
  organization={ACM}
}

