@article{topologyzoo,
  title={The internet topology zoo},
  author={Knight, Simon and Nguyen, Hung X and Falkner, Nickolas and Bowden, Rhys and Roughan, Matthew},
  journal={IEEE Journal on Selected Areas in Communications},
  volume={29},
  number={9},
  pages={1765--1775},
  year={2011},
  publisher={IEEE}
}

@inproceedings{flowbender,
  title={Flowbender: Flow-level adaptive routing for improved latency and throughput in datacenter networks},
  author={Kabbani, Abdul and Vamanan, Balajee and Hasan, Jahangir and Duchene, Fabien},
  booktitle={Proceedings of the 10th ACM International on Conference on emerging Networking Experiments and Technologies},
  pages={149--160},
  year={2014},
  organization={ACM}
}

@inproceedings{semper,
  title={SEMPER: a stateless traffic engineering solution for WAN based on MP-TCP},
  author={Garcia-Aviles, Gines and Gramaglia, Marco and Serrano, Pablo and Portoles, Marc and Banchs, Albert and Maino, Fabio},
  booktitle={2018 IEEE International Conference on Communications (ICC)},
  pages={1--6},
  year={2018},
  organization={IEEE}
}

@inproceedings{ecmphashperf,
  title={Performance of hashing-based schemes for internet load balancing},
  author={Cao, Zhiruo and Wang, Zheng and Zegura, Ellen},
  booktitle={Proceedings IEEE INFOCOM 2000. Conference on Computer Communications. Nineteenth Annual Joint Conference of the IEEE Computer and Communications Societies (Cat. No. 00CH37064)},
  volume={1},
  pages={332--341},
  year={2000},
  organization={IEEE}
}

